<?xml version="1.0" encoding="UTF-8" ?>
<collection xmlns:xsi="http://www.w3.org/2001/XMLSchema-instance" xsi:schemaLocation="http://www.loc.gov/MARC21/slim http://www.loc.gov/standards/marcxml/schema/MARC21slim.xsd" xmlns="http://www.loc.gov/MARC21/slim">
   <record>
      <leader>     mam a22      a 4500</leader>
      <controlfield tag="001">1747776</controlfield>
      <controlfield tag="003">NIC</controlfield>
      <controlfield tag="005">20140823210233.0</controlfield>
      <controlfield tag="008">920803q19001990mr            000 0 ara d</controlfield>
      <datafield tag="035" ind1=" " ind2=" ">
         <subfield code="a">(NIC)notisAJD8955</subfield>
      </datafield>
      <datafield tag="035" ind1=" " ind2=" ">
         <subfield code="a">(OCoLC)24085420</subfield>
      </datafield>
      <datafield tag="035" ind1=" " ind2=" ">
         <subfield code="a">1747776</subfield>
      </datafield>
      <datafield tag="040" ind1=" " ind2=" ">
         <subfield code="a">NIC</subfield>
         <subfield code="c">NIC</subfield>
         <subfield code="d">NIC</subfield>
      </datafield>
      <datafield tag="100" ind1="1" ind2=" ">
         <subfield code="a">Ibn Ghāzī, Muḥammad ibn Aḥmad,</subfield>
         <subfield code="d">1437 or 1438-1513.</subfield>
      </datafield>
      <datafield tag="240" ind1="1" ind2="0">
         <subfield code="a">Bughyat al-ṭullāb fī sharḥ Munyat al-ḥussāb.</subfield>
         <subfield code="f">1900</subfield>
      </datafield>
      <datafield tag="245" ind1="1" ind2="0">
         <subfield code="a">Kitāb bughyat al-ṭullāb fī sharḥ Munyat al-ḥussāb /</subfield>
         <subfield code="c">li-Abī ʻAbd Allāh Sayyidī Muḥammad ibn Aḥmad ibnGhāzī. Wa-bi-hāmishihi ḥāshiyat ... Abī ʻAbd Allāh Sayyidī Muḥammad ibn Aḥmad Bannīs ʻalá al-sharḥ al-madhkūr.</subfield>
      </datafield>
      <datafield tag="260" ind1=" " ind2=" ">
         <subfield code="a">[Fez? :</subfield>
         <subfield code="b">s.n.,</subfield>
         <subfield code="c">19--?]]</subfield>
      </datafield>
      <datafield tag="300" ind1=" " ind2=" ">
         <subfield code="a">1 v. (various pagings) ;</subfield>
         <subfield code="c">23 cm.</subfield>
      </datafield>
      <datafield tag="500" ind1=" " ind2=" ">
         <subfield code="a">Lithograph.</subfield>
      </datafield>
      <datafield tag="600" ind1="1" ind2="0">
         <subfield code="a">Ibn Ghāzī, Muḥammad ibn Aḥmad,</subfield>
         <subfield code="d">1437 or 1438-1513.</subfield>
         <subfield code="t">Bughyat al-ṭullābfī sharḥ munyat al-ḥussāb.</subfield>
         <subfield code="f">1900.</subfield>
      </datafield>
      <datafield tag="650" ind1=" " ind2="0">
         <subfield code="a">Arithmetic</subfield>
         <subfield code="v">Early works to 1900.</subfield>
      </datafield>
      <datafield tag="650" ind1=" " ind2="0">
         <subfield code="a">Mathematics, Arab.</subfield>
      </datafield>
      <datafield tag="650" ind1=" " ind2="0">
         <subfield code="a">Algebra</subfield>
         <subfield code="x">Early works to 1800.</subfield>
      </datafield>
      <datafield tag="700" ind1="1" ind2="2">
         <subfield code="a">al-Bannīs, Muḥammad ibn Aḥmad,</subfield>
         <subfield code="d">active 1785.</subfield>
         <subfield code="t">Ḥāshiyah ʻalá Bughyat al-ṭullāb fī sharḥ Munyat al-ḥussāb.</subfield>
         <subfield code="f">1900.</subfield>
      </datafield>
      <datafield tag="740" ind1="0" ind2=" ">
         <subfield code="a">Bughyat al-ṭullāb fī sharḥ Munyat al-ḥussāb.</subfield>
      </datafield>
      <datafield tag="905" ind1=" " ind2=" ">
         <subfield code="a">19991022120000.0</subfield>
      </datafield>
      <datafield tag="903" ind1=" " ind2=" ">
         <subfield code="a">NYUACO</subfield>
         <subfield code="d">20141028</subfield>
         <subfield code="p">31924068307549</subfield>
      </datafield>
      <datafield tag="950" ind1=" " ind2=" ">
         <subfield code="a">QA101</subfield>
         <subfield code="b">.I13 1900</subfield>
         <subfield code="v"> </subfield>
      </datafield>
   </record>
</collection>
